<?xml version="1.0" encoding="UTF-8"?><collection xmlns="http://www.loc.gov/MARC21/slim"><record><leader>00613nam--2200205-u-4500</leader><controlfield tag="001">000054518</controlfield><controlfield tag="002">20161230</controlfield><controlfield tag="005">20161230201051</controlfield><controlfield tag="008">120118s1000------------r-----000-0-rus-d</controlfield><datafield ind1=" " ind2=" " tag="020"><subfield code="a">rus</subfield></datafield><datafield ind1=" " ind2=" " tag="040"><subfield code="a">IFIN-HH</subfield></datafield><datafield ind1=" " ind2=" " tag="080"><subfield code="a">539.12</subfield></datafield><datafield ind1="1" ind2=" " tag="100"><subfield code="a">Halzen, Francis</subfield></datafield><datafield ind1="1" ind2="0" tag="245"><subfield code="a">Kvarki i leptoni vvedenie v fizilu ceastit</subfield><subfield code="c">Francis halzen, alan d. martin</subfield></datafield><datafield ind1=" " ind2=" " tag="260"><subfield code="a">Moskva</subfield><subfield code="b">Mir</subfield><subfield code="c">1987</subfield></datafield><datafield ind1=" " ind2=" " tag="300"><subfield code="a">455P</subfield></datafield><datafield ind1=" " ind2=" " tag="500"><subfield code="a">Titlul Original In Limba Engleza: Quarks And Leptons: An Introductory Course In Modern Particle Physics</subfield></datafield><datafield ind1="1" ind2=" " tag="700"><subfield code="a">Martin, Alan D</subfield></datafield><datafield ind1=" " ind2=" " tag="852"><subfield code="a">74702</subfield><subfield code="c">539.12</subfield></datafield><datafield ind1=" " ind2=" " tag="CAT"><subfield code="a">Sys</subfield><subfield code="c">20120118</subfield><subfield code="h">134559</subfield></datafield></record></collection>